<record><leader>00000cas a22000007a 4500</leader><controlfield tag="001">17223536</controlfield><controlfield tag="008">871211d18951903iauwr ne      0    0eng d</controlfield><datafield ind1=" " ind2=" " tag="010"><subfield code="a">sn 87058649 </subfield></datafield><datafield ind1=" " ind2=" " tag="040"><subfield code="a">INP</subfield><subfield code="b">eng</subfield><subfield code="c">INP</subfield><subfield code="d">OCLCQ</subfield></datafield><datafield ind1=" " ind2=" " tag="042"><subfield code="a">msc</subfield></datafield><datafield ind1="0" ind2=" " tag="130"><subfield code="a">Mason City globe-gazette (Mason City, Iowa : 1895 : Weekly)</subfield></datafield><datafield ind1="1" ind2="4" tag="245"><subfield code="a">The Mason City globe-gazette.</subfield></datafield><datafield ind1="1" ind2="3" tag="246"><subfield code="a">Weekly globe-gazette</subfield></datafield><datafield ind1="1" ind2="7" tag="246"><subfield code="a">Mason City weekly globe-gazette</subfield></datafield><datafield ind1=" " ind2=" " tag="260"><subfield code="a">Mason City, Iowa :</subfield><subfield code="b">Peedan &amp; Marine,</subfield><subfield code="c">-1903.</subfield></datafield><datafield ind1=" " ind2=" " tag="300"><subfield code="a">v.</subfield></datafield><datafield ind1=" " ind2=" " tag="310"><subfield code="a">Weekly</subfield></datafield><datafield ind1="1" ind2=" " tag="362"><subfield code="a">Began in 1895?</subfield></datafield><datafield ind1="0" ind2=" " tag="362"><subfield code="a">-v. 10, no. 8 (Mar. 12, 1903).</subfield></datafield><datafield ind1=" " ind2=" " tag="500"><subfield code="a">Publisher varies.</subfield></datafield><datafield ind1=" " ind2=" " tag="588"><subfield code="a">Description based on: Vol. 3, no. 16 (Jan. 7, 1896).</subfield></datafield><datafield ind1=" " ind2=" " tag="752"><subfield code="a">United States</subfield><subfield code="b">Iowa</subfield><subfield code="c">Cerro Gordo</subfield><subfield code="d">Mason City.</subfield></datafield><datafield ind1="0" ind2=" " tag="775"><subfield code="t">Mason City globe-gazette (Mason City, Iowa : 1895 : Daily)</subfield><subfield code="w">(DLC)sn 87058653</subfield></datafield><datafield ind1="0" ind2="0" tag="785"><subfield code="t">Twice-a-week weekly Mason City globe-gazette (Mason City, Iowa : 1903)</subfield><subfield code="w">(DLC)sn 87058453</subfield></datafield></record>